@Book{clean_code,
author = {Robert Martin},
editor = {Prentice Hall},
title = {Clean Code: A Handbook of Agile Software Craftsmanship},
year = {2008}
}

@misc{clean_arch,
  title={The clean architecture},
  author={Robert Martin },
  howpublished="\url{https://blog.cleancoder.com/uncle-bob/2012/08/13/the-clean-architecture.html}",
  year={2012},
  note = "[Online; accessed 2019-11-12]"
}

@misc{viper,
  title={Architecting ios App with VIPER},
  author={Jeff Gilbert and Conrad Stoll},
  howpublished="\url{https://www.objc.io/issues/13-architecture/viper/}",
  year={2014},
  note = "[Online; accessed 2019-11-12]"
}

@misc{swift,
  title={Swift Documentation},
  author={Apple},
  howpublished="\url{https://docs.swift.org/swift-book/LanguageGuide/TheBasics.html}",
  year={2019},
  note = "[Online; accessed 2019-09-16]"
}

@misc{android,
  title={Android Documentation},
  author={Google},
  howpublished="\url{https://developer.android.com/guide}",
  year={2019},
  note = "[Online; accessed 2019-09-02]"
}

